@Article{Birol2009,
	author = 			 {Simpson, JT and Wong, K and Jackman, SD and Jones, SJM and Birol, I},
	title = 			 {ABySS: A parallel assembler for short read sequence data},
	journal = 		 {Genome Research},
	year = 				 {2009},
	volume = 	     {ePUB},
}

@article{Venter2001,
author={Venter, JC and others},
title={The Sequence of the Human Genome},
journal={Science},
year={2001},
volume={291},
pages={1304-1351}}

@article{Birney08,
author={Zerbino, DR and Birney, E},
title={Velvet: algorithms for de novo short read assembly using de Bruijn graphs},
journal={Genome Research},
volume={18},
pages={821-829},
year={2008}}

@article{Jaffe08,
author={Butler ,J and MacCallum ,I and Kleber ,M and Shlyakhter ,IA and Belmonte ,MK and Lander ,ES and Nusbaum ,C and Jaffe, DB},
title={{ALLPATHS}: de novo assembly of whole-genome shotgun microreads},
journal={Genome Research},
volume={18},
pages={810-820},
year={2008}}


@article{HumanGenomeVenter,
author={Venter, JC and others},
title={The Sequence of the Human Genome},
journal={Science},
year={2001},
volume={291},
pages={1304-1351}}


@article{Ravel2008,
author={Wommack , EK and Bhavsar,  J and Ravel, J},
title= {Metagenomics: Read Length Matters},
journal={Appl. Environ. Microbiol.},
year={2008},
volume={74},
pages={1453-1463}
}


@Article{Myers1997,
	author = 			 {Weber, JL and Myers, EW},
	title = 			 {Human Whole-Genome Shotgun Sequencing},
	journal = 		 {Genome Research},
	year = 				 {1997},
	volume = 	 {7},
	pages = 		 {401-409},
}

@article{Storer1980,
author={Gallant, J and Maier, D nad Storer, JA},
title={On finding minimal length superstrings},
journal={Journal Computer Systems Science},
year={1980},
volume={20},
pages={50-58}
}

@article{Green1997,
author={Green, P},
title={Against a Whole-Genome Shotgun},
journal={Genome Research},
year={1997},
volume={7},
pages={410-417}}

@article{Chaisson2004,
	title={Fragment assembly with short reads},
	author={Chaisson, M and Tang, H and Pevzner, PA},
	journal={Bioinformatics},
	year={2004},
	volume={20},
	pages={2067-2074},
}

@article{Whiteford2005,
author={Whiteford, N and Haslam, N and Weber, G and Pr\"{u}gel\-Bennett, A and Essex,JW and Roach, PL and Bradley, M and Neylon, C},
title={An analysis of the feasibility of short read sequencing},
journal={Nucleic Acids Research},
year={2005},
volume={33},
pages={171-176}}



@article{Myers1995,
author={Myers, EW},
title={Toward simplifying and accurately formulating fragment assembly},
journal={Computational Biology},
year={1995},
volume={2},
pages={275-290}}
                  


@Article{Sundquist2007,
	author = 			 {Sundquist, A and  Ronaghi, M and Tang, H and  Pevzner, P and  Batzoglou, S},
	title = 			 {Whole-Genome Sequencing and Assembly with High-Throughput, Short-Read Technologies},
	journal = 		 {PLoS ONE},
	year = 				 {2007},
	volume = 	 {2},
	pages = 		 {e484},
}

@article{Shendure2008,
title={Next-generation DNA sequencing},
author={Shendure, J and Ji, H},
journal={Nat. Biotech.},
year={2008},
volume={26},
pages={1135-1145}
}

@article{Pettersson2009,
author={Pettersson, E and Lundeberg, J and Ahmadian, A},
title={Generations of sequencing technologies},
journal={Genomics},
Volume={93},
year={2009},
pages={105-111}
}

@article{Caskey1991,
author={Edwards, A and Caskey, T},
title={Closure Strategies for Random {DNA}Sequencing},
journal={Methods},
volume={3},
year={1991},
pages={41-47}}


@article{Pevzner2001db,
		author={Pevzner, PA and Tang, H},
		title={Fragment assembly with double-barreled data},
		journal={Bioinformatics},
		year={2001},
		Volume={17 Suppl. 1},
		pages={S225-S223}
}


@article{Chaisson2009,
author={Chaisson, MJ and Brinza, D and Pevzner, PA},
title={De novo fragment assembly with short mate-paired reads: Does the read length matter?},
journal={Genome Research},
year={2009},
volume={19},
pages={336-346}
}