@article{main,
	author = {Bankevich, A. and Nurk, S. and others},
	fullauthor = {Bankevich, A. and Nurk, S. and Antipov, D. and Gurevich, A. and Dvorkin M. and Kulikov, A.~S. and Lesin, V. and Nikolenko, S. and Pham, S. and Prjibelski, A. and Pyshkin, A. and Sirotkin, A. and Vyahhi, N. and Tesler, G. and Alekseyev, M. and Pevzner, P.},
	title = {{SPAdes: a New Genome Assembly Algorithm and its Applications to Single-Cell Sequencing}},
	journal = {Journal of Computational Biology},
	note = {To appear},
	year = {2012}
}

@article{sequel,
        author = {Ronen, R. and Boucher, C. and Chitsaz, H. Pevzner, P.},
        title = {SEQuel: Improving the Accuracy of Genome Assemblies},
        journal = {Bioinformatics},
        note = {To appear},
	year = {2012}
}
