@article{best,
    title={Circuits and trees in oriented linear graphs},
    author={Aardenne-Ehrenfest, T. and Bruijn, N.G.},
    journal={Classic papers in combinatorics},
    pages={149--163},
    year={1987},
    publisher={Springer}
}
@article{abrham80,
    title={Transformations of Euler tours},
    author={Abrham, J. and Kotzig, A.},
    journal={Annals of Discrete Mathematics},
    volume={8},
    pages={65--69},
    year={1980},
    publisher={Elsevier}
}
@string{   jgenbio = "Genome Biology"}
@inproceedings{Moitra10,
    title={Settling the polynomial learnability of mixtures of gaussians},
    author={Moitra, A. and Valiant, G.},
    booktitle={Foundations of Computer Science (FOCS), 2010 51st Annual IEEE Symposium on},
    pages={93--102},
    year={2010},
    organization={IEEE}
}
@article{Zerbino08,
  title={Velvet: algorithms for de novo short read assembly using de {Bruijn} graphs},
  author={Zerbino, D.R. and Birney, E.},
  journal={Genome Research},
  volume={18},
  number={5},
  pages={821},
  year={2008},
  publisher={Cold Spring Harbor Lab}
}
@article{Chen09,
  title={{BreakDancer: an algorithm for high-resolution mapping of genomic structural variation}},
  author={Chen, K. and Wallis, J.W. and McLellan, M.D. and Larson, D.E. and Kalicki, J.M. and Pohl, C.S. and McGrath, S.D. and Wendl, M.C. and Zhang, Q. and Locke, D.P. and others},
  journal={Nature Methods},
  volume={6},
  number={9},
  pages={677--681},
  year={2009},
  publisher={Nature Publishing Group}
}

@article{Hernandez08,
    title={De novo bacterial genome sequencing: millions of very short reads assembled on a desktop computer},
    author={Hernandez, D. and Fran{\c{c}}ois, P. and Farinelli, L. and {\O}ster{\aa}s, M. and Schrenzel, J.},
    journal={Genome Research},
    volume={18},
    number={5},
    pages={802},
    year={2008},
    publisher={Cold Spring Harbor Lab}
}

@book{Garey79,
    title={{Computers and Intractability: A Guide to the Theory of NP-completeness}},
    author={Garey, M.R. and Johnson, D.S.},
    year={1979},
    publisher={WH Freeman \& Co.}
}


@article{Peltola84,
    title={{SEQAID: A DNA sequence assembling program based on a mathematical model}},
    author={Peltola, H. and S{\\"o}derlund, H. and Ukkonen, E.},
    journal={Nucleic Acids Research},
    volume={12},
    number={1Part1},
    pages={307},
    year={1984},
    publisher={Oxford Univ Press}
}

@article{Dramanac89,
    title={{Sequencing of megabase plus DNA by hybridization: theory of the method}},
    author={Dramanac, R. and Labat, I. and Brukner, I. and Crkvenjakov, R.},
    journal={Genomics},
    volume={4},
    number={2},
    pages={114--128},
    year={1989},
    publisher={Elsevier}
}

@article{Pevzner89,
    title={{l-tuple DNA sequencing: computer analysis}},
    author={Pevzner, P.},
    journal={Journal of Biomolecular Structure and Dynamics},
    volume={7},
    year={1989},
    pages={63}

}
@article{Weber97,
    title={Human whole-genome shotgun sequencing},
    author={Weber, J.L. and Myers, E.W.},
    journal={Genome Research},
    volume={7},
    number={5},
    pages={401},
    year={1997},
    publisher={Cold Spring Harbor Lab}
}

@article{Peng06,
    title={The fragile breakage versus random breakage models of chromosome evolution},
    author={Peng, Q. and Pevzner, P.A. and Tesler, G.},
    journal={PLoS computational biology},
    volume={2},
    number={2},
    pages={e14},
    year={2006},
    publisher={Public Library of Science}
}
@article{Shendure08,
    title={{Next-generation DNA sequencing}},
    author={Shendure, J. and Ji, H.},
    journal={Nat Biotechnol},
    volume={26},
    number={10},
    pages={1135--1145},
    year={2008}
}
@article{Haussler09,
    title={{Genome 10K: a proposal to obtain whole-genome sequence for 10000 vertebrate species}},
    author={Haussler, D. and O'Brien, S.J. and Ryder, O.A. and Barker, F.K. and Clamp, M. and Crawford, A.J. and Hanner, R. and Hanotte, O. and Johnson, W.E. and McGuire, J.A. and others},
    journal={J Hered},
    volume={100},
    number={6},
    pages={659--674},
    year={2009}
}
@article{Kellis04,
    title={{Proof and evolutionary analysis of ancient genome duplication in the yeast Saccharomyces cerevisiae}},
    author={Kellis, M. and Birren, B.W. and Lander, E.S.},
    journal={Nature},
    volume={428},
    number={6983},
    pages={617--624},
    year={2004}
}
@article{Chaisson04,
    title={Fragment assembly with short reads},
    author={Chaisson, M. and Pevzner, P. and Tang, H.},
    journal={Bioinformatics},
    volume={20},
    number={13},
    pages={2067},
    year={2004},
    publisher={Oxford Univ Press}
}
@article{Dohm07,
    title={{SHARCGS, a fast and highly accurate short-read assembly algorithm for de novo genomic sequencing}},
    author={Dohm, J.C. and Lottaz, C. and Borodina, T. and Himmelbauer, H.},
    journal={Genome Research},
    volume={17},
    number={11},
    pages={1697},
    year={2007},
    publisher={Cold Spring Harbor Lab}
}
@article{Idury95,
    title={{A new algorithm for DNA sequence assembly}},
    author={Idury, R.M. and Waterman, M.S.},
    journal={Journal of Computational Biology},
    volume={2},
    number={2},
    pages={291--306},
    year={1995}
}
@article{Gnerre11,
    title={High-quality draft assemblies of mammalian genomes from massively parallel sequence data},
    author={Gnerre, S. and MacCallum, I. and Przybylski, D. and Ribeiro, F.J. and Burton, J.N. and Walker, B.J. and Sharpe, T. and Hall, G. and Shea, T.P. and Sykes, S. and others},
    journal={Proceedings of the National Academy of Sciences},
    volume={108},
    number={4},
    pages={1513},
    year={2011},
    publisher={National Acad Sciences}
}
@article{Li10,
    title={De novo assembly of human genomes with massively parallel short read sequencing},
    author={Li, R. and Zhu, H. and Ruan, J. and Qian, W. and Fang, X. and Shi, Z. and Li, Y. and Li, S. and Shan, G. and Kristiansen, K. and others},
    journal={Genome Research},
    volume={20},
    number={2},
    pages={265},
    year={2010},
    publisher={Cold Spring Harbor Lab}
}

@article{Alkan10,
    title={Limitations of next-generation genome sequence assembly},
    author={Alkan, C. and Sajjadian, S. and Eichler, E.E.},
    journal={Nature Methods},
    volume={8},
    number={1},
    pages={61--65},
    year={2010},
    publisher={Nature Publishing Group}
}

@article{Raphael04,
    title={A novel method for multiple alignment of sequences with repeated and shuffled elements},
    author={Raphael, B. and Zhi, D. and Tang, H. and Pevzner, P.},
    journal={Genome Research},
    volume={14},
    number={11},
    pages={2336},
    year={2004},
    publisher={Cold Spring Harbor Lab}
}

@article{Myers95,
    title={Toward simplifying and accurately formulating fragment assembly},
    author={Myers, E.W.},
    journal={Journal of Computational Biology},
    volume={2},
    number={2},
    pages={275--290},
    year={1995}
}

@article{Pham10,
    title={{DRIMM-Synteny: decomposing genomes into evolutionary conserved segments}},
    author={Pham, S.K. and Pevzner, P.A.},
    journal={Bioinformatics},
    volume={26},
    number={20},
    pages={2509},
    year={2010},
    publisher={Oxford Univ Press}
}


@article{Jiang07,
    title={Ancestral reconstruction of segmental duplications reveals punctuated cores of human genome evolution},
    author={Jiang, Z. and Tang, H. and Ventura, M. and Cardone, M.F. and Marques-Bonet, T. and She, X. and Pevzner, P.A. and Eichler, E.E.},
    journal={Nature genetics},
    volume={39},
    number={11},
    pages={1361--1368},
    year={2007},
    publisher={Nature Publishing Group}
}

@article{Bandeira07,
  title={{Shotgun Protein Sequencing}},
  author={Bandeira, N. and Clauser, K.R. and Pevzner, P.A.},
  journal={Molecular \& Cellular Proteomics},
  volume={6},
  number={7},
  pages={1123},
  year={2007},
  publisher={ASBMB}
}
@article{Turner09,
   title={{Personal Genomes}},
  author={Turner S.},
  journal={(Conference talk). NY: Cold Spring Harbor },
  year={2009}
}
@article{SOAP,
  title={{SOAP: short oligonucleotide alignment program}},
  author={Li, R. and Li, Y. and Kristiansen, K. and Wang, J.},
  journal={Bioinformatics},
  volume={24},
  number={5},
  pages={713},
  year={2008},
  publisher={Oxford Univ Press}
}

@article{Schuster07,
    title={Next-generation sequencing transforms todayâ€™s biology},
    author={Schuster, S.C.},
    journal={Nature},
    volume={200},
    number={8},
    year={2007}
}
@article{Grabherr11,
    title={{Genome Sequencing and Assembly}},
    author={Grabherr, M.G. and Mauceli, E. and Ma, L.J.},
    journal={Methods in molecular biology (Clifton, NJ)},
    volume={722},
    pages={1},
    year={2011},
    publisher={Springer}
}
@article{Pevzner01b,
    title={Fragment assembly with double-barreled data},
    author={Pevzner, P.A. and Tang, H.},
    journal={Bioinformatics},
    volume={17},
    number={suppl 1},
    pages={S225},
    year={2001},
    publisher={Oxford Univ Press}
}
@article{Pevzner01,
    title={{An Eulerian path approach to DNA fragment assembly}},
    author={Pevzner, P.A. and Tang, H. and Waterman, M.S.},
    journal={PNAS},
    volume={98},
    number={17},
    pages={9748},
    year={2001},
    publisher={National Acad Sciences}
}
@article{Butler08,
  title={{ALLPATHS: de novo assembly of whole-genome shotgun microreads}},
  author={Butler, J. and MacCallum, I. and Kleber, M. and Shlyakhter, I.A. and Belmonte, M.K. and Lander, E.S. and Nusbaum, C. and Jaffe, D.B.},
  journal={Genome Research},
  volume={18},
  number={5},
  pages={810},
  year={2008},
  publisher={Cold Spring Harbor Lab}
}

@article{Britten88,
  title={{Sources and evolution of human Alu repeated sequences}},
  author={Britten, R.J. and Baron, W.F. and Stout, D.B. and Davidson, E.H.},
  journal={Proceedings of the National Academy of Sciences},
  volume={85},
  number={13},
  pages={4770},
  year={1988},
  publisher={National Acad Sciences}
}

@article{Simpson09,
    title={{ABySS: a parallel assembler for short read sequence data}},
    author={Simpson, J.T. and Wong, K. and Jackman, S.D. and Schein, J.E. and Jones, S.J.M. and Birol, {\.I}.},
    journal={Genome Research},
    volume={19},
    number={6},
    pages={1117},
    year={2009},
    publisher={Cold Spring Harbor Lab}
}

@article{Chaisson08,
    title={Short read fragment assembly of bacterial genomes},
    author={Chaisson, M.J. and Pevzner, P.A.},
    journal={Genome Research},
    volume={18},
    number={2},
    pages={324},
    year={2008},
    publisher={Cold Spring Harbor Lab}
}
@article{Meyerson10,
    title={Advances in understanding cancer genomes through second-generation sequencing},
    author={Meyerson, M. and Gabriel, S. and Getz, G.},
    journal={Nature Reviews Genetics},
    volume={11},
    number={10},
    pages={685--696},
    year={2010},
    publisher={Nature Publishing Group}
}
@article{Metzker09,
    title={Sequencing technologiesâ€”the next generation},
    author={Metzker, M.L.},
    journal={Nature Reviews Genetics},
    volume={11},
    number={1},
    pages={31--46},
    year={2009},
    publisher={Nature Publishing Group}
}

@article{Chaisson09,
    title={{De novo fragment assembly with short mate-paired reads: Does the read length matter?}},
    author={Chaisson, M.J. and Brinza, D. and Pevzner, P.A.},
    journal={Genome Research},
    volume={19},
    number={2},
    pages={336},
    year={2009},
    publisher={Cold Spring Harbor Lab}
}
@article{Zerbino09,
    title={Pebble and rock band: heuristic resolution of repeats and scaffolding in the velvet short-read de novo assembler},
    author={Zerbino, D.R. and McEwen, G.K. and Margulies, E.H. and Birney, E.},
    journal={PloS one},
    volume={4},
    number={12},
    pages={e8407},
    year={2009}
}
@article{Kelley10,
    title={Quake: quality-aware detection and correction of sequencing errors},
    author={Kelley, D.R. and Schatz, M.C. and Salzberg, S.L.},
    journal={Genome Biology},
    volume={11},
    number={11},
    pages={R116},
    year={2010},
    publisher={BioMed Central Ltd}
}
@inproceedings{Medvedev11,
    title={{Paired de Bruijn Graphs: A Novel Approach for Incorporating Mate Pair Information into Genome Assemblers}},
    author={Medvedev, P. and Pham, S. and Chaisson, M. and Tesler, G. and Pevzner, P.},
    booktitle={Research in Computational Molecular Biology},
    pages={238--251},
    year={2011},
    organization={Springer}
}
@article{Miller10,
    title={Assembly algorithms for next-generation sequencing data},
    author={Miller, J.R. and Koren, S. and Sutton, G.},
    journal={Genomics},
    volume={95},
  number={6},
  pages={315--327},
  year={2010},
  publisher={Elsevier}
}

@article{Ariyaratne11,
  title={{PE-Assembler: de novo assembler using short paired-end reads}},
  author={Ariyaratne, P.N. and Sung, W.K.},
  journal={Bioinformatics},
  volume={27},
  number={2},
  pages={167},
  year={2011},
  publisher={Oxford Univ Press}
}
@inproceedings{Donmez11,
  title={{Hapsembler: An Assembler for Highly Polymorphic Genomes}},
  author={Donmez, N. and Brudno, M.},
  booktitle={Research in Computational Molecular Biology},
  pages={38--52},
  year={2011},
  organization={Springer}
}

@article{Wetzel11,
  title={Assessing the benefits of using mate-pairs to resolve repeats in de novo short-read prokaryotic assemblies},
  author={Wetzel, J. and Kingsford, C. and Pop, M.},
  journal={BMC bioinformatics},
  volume={12},
  number={1},
  pages={95},
  year={2011},
  publisher={BioMed Central Ltd}
}


@article{Chikhi11,
  title={Localized genome assembly from reads to scaffolds: practical traversal of the paired string graph},
  author={Chikhi, R. and Lavenier, D.},
  journal={Algorithms in Bioinformatics},
  pages={39--48},
  year={2011},
  publisher={Springer}
}

@inproceedings{Peng10,
  author    = {Y. Peng and
               H.C.M. Leung and
               S.-M. Yiu and
               F.Y.L. Chin},
  fullauthor= {Yu Peng and
               Henry C. M. Leung and
               Siu-Ming Yiu and
               Francis Y. L. Chin},
  title     = {{IDBA --- A Practical Iterative de Bruijn Graph De Novo Assembler}},
  BAD_booktitle = {RECOMB},
  year      = {2010},
  pages     = {426-440},
  ee        = {http://dx.doi.org/10.1007/978-3-642-12683-3_28},
  BAD_crossref  = {DBLP:conf/recomb/2010},
  bibsource = {DBLP, http://dblp.uni-trier.de},

  editor    = {Bonnie Berger},
  booktitle     = {Research in Computational Molecular Biology, 14th Annual
               International Conference, RECOMB 2010, Lisbon, Portugal,
               April 25-28, 2010. Proceedings},
  BAD2_booktitle = {RECOMB},
  publisher = {Springer},
  series    = {Lecture Notes in Computer Science},
  volume    = {6044},
  BAD_year      = {2010},
  isbn      = {978-3-642-12682-6},
  BAD_ee        = {http://dx.doi.org/10.1007/978-3-642-12683-3},
  BAD_bibsource = {DBLP, http://dblp.uni-trier.de}
}
//proceedings{DBLP:conf/recomb/2010,



@misc{ Plantagora,
    fullauthor =       {Sarah Young and Roger Barthelson and Adam McFarlin and Steven Rounsley},
    author =       {S. Young and R. Barthelson and A. McFarlin and S. Rounsley},
    title =        {{\sc Plantagora} toolset},
    year =         {2011},
    note =         {\url{http://www.plantagora.org}}
}

@misc{ SPAdes,
    author = {A. Bankevich and S. Nurk and D. Antipov and A. Gurevich and M. Dvorkin and A. Kulikov and V. Lesin and S. Nikolenko
    and S. Pham and A. Prjibelski and A. Pyshkin and A. Sirotkin and N. Vyahhi and G. Tesler and M. Alekseyev and P. Pevzner},
    title = {{SPAdes: a New Genome Assembler and its Applications to Single Cell Sequencing}},
    note = {Submitted},
    year = 2012
}

